@ARTICLE{main,
    author={Hatcher, William Grant and Qian, Cheng and Gao, Weichao and Liang, Fan and Hua, Kun and Yu, Wei}, 
    journal={IEEE Access},
    title={Towards Efficient and Intelligent Internet of Things Search Engine},
    year={2021},
    volume={9},
    pages={15778-15795},
    month={Jan}
}



@INPROCEEDINGS{mainPrevious,  
    author={Qian, Cheng and Gao, Weichao and Hatcher, William Grant and Liao, Weixian and Lu, Chao and Yu, Wei},
    booktitle={2020 IEEE Intl Conf on Dependable, Autonomic and Secure Computing, Intl Conf on Pervasive Intelligence and Computing, Intl Conf on Cloud and Big Data Computing, Intl Conf on Cyber Science and Technology Congress (DASC/PiCom/CBDCom/CyberSciTech)},
    title={Search Engine for Heterogeneous Internet of Things Systems and Optimization},
    year={2020},
    pages={475-482},
    month={Aug}
}



@ARTICLE{IoTdefinition,
    author = {Patel, Keyur and Patel, Sunil and Scholar, P and Salazar, Carlos},
    journal = {IJESC},
    year = {2016},
    volume = {5},
    month = {Mar},
    pages = {6122-6131},
    title = {Internet of Things-IOT: Definition, Characteristics, Architecture, Enabling Technologies, Application & Future Challenges}
}



@ARTICLE{RNNrandom,
    author={Bongini, Marco and Rigutini, Leonardo and Trentin, Edmondo},
    journal={IEEE Transactions on Neural Networks and Learning Systems},
    title={Recursive Neural Networks for Density Estimation Over Generalized Random Graphs},
    year={2018},
    volume={29},
    number={11},
    pages={5441-5458},
    month={Nov},
}



@ARTICLE{count,  
    author={Sei, Yuichi and Ohsuga, Akihiko},
    journal={IEEE Internet of Things Journal},
    title={Count Estimation With a Low-Accuracy Machine Learning Model},
    year={2021},
    volume={8},
    number={8},
    pages={7079-7088},
    month={April},
}



@ARTICLE{paradigm,  
    author={Ma, Huadong and Liu, Wu},
    journal={IEEE MultiMedia},
    title={A Progressive Search Paradigm for the Internet of Things},
    year={2018},
    volume={25},
    number={1},
    pages={76-86},
    month={Jan},
}



@article{fuzzy,
    title = {Accelerated learning algorithms of general fuzzy min-max neural network using a novel hyperbox selection rule},
    journal = {Information Sciences},
    volume = {547},
    pages = {887-909},
    year = {2021},
    author = {Thanh Tung Khuat and Bogdan Gabrys},
    month = {Feb},
}



@article{ledger,
    author={Siris, Vasilios A. and Tsenos, Michalis and Dimopoulos, Dimitrios and Fotiou, Nikos and Polyzos, George C.},
    booktitle={2020 Global Internet of Things Summit (GIoTS)},
    title={Decentralized Interledger Gateway Architectures in Authorization Scenarios with Multiple Ledgers},
    year={2020},
    pages={1-6},
    month={June},
}



@ARTICLE{6G,
    author={López, Onel L. A. and Alves, Hirley and Souza, Richard Demo and Montejo-Sánchez, Samuel and Fernández, Evelio Martin Garcia and Latva-Aho, Matti},
    journal={IEEE Internet of Things Journal},
    title={Massive Wireless Energy Transfer: Enabling Sustainable IoT Toward 6G Era},
    year={2021},
    volume={8},
    number={11},
    pages={8816-8835},
    month={June},
}



@ARTICLE{crime,
    author={Feng, Mingchen and Zheng, Jiangbin and Ren, Jinchang and Hussain, Amir and Li, Xiuxiu and Xi, Yue and Liu, Qiaoyuan},
    journal={IEEE Access},
    title={Big Data Analytics and Mining for Effective Visualization and Trends Forecasting of Crime Data},
    year={2019},
    volume={7},
    pages={106111-106123},
    month={July},
    }



@ARTICLE{secureProtocol,
    author={Shin, Daemin and Yun, Keon and Kim, Jiyoon and Astillo, Philip Virgil and Kim, Jeong-Nyeo and You, Ilsun},
    journal={IEEE Access},
    title={A Security Protocol for Route Optimization in DMM-Based Smart Home IoT Networks},
    year={2019},
    volume={7},
    pages={142531-142550}, 
    month={Sep},
}

@inproceedings{webofthings,
  author    = {Benedikt Ostermaier and
               Kay R{\"{o}}mer and
               Friedemann Mattern and
               Michael Fahrmair and
               Wolfgang Kellerer},
  editor    = {Florian Michahelles and
               Jin Mitsugi},
  title     = {A real-time search engine for the Web of Things},
  booktitle = {2010 Internet of Things (IOT), IoT for a green Planet, Tokyo, Japan,
               November 29 - December 1, 2010. Proceedings},
  publisher = {{IEEE}},
  year      = {2010},
  url       = {https://doi.org/10.1109/IOT.2010.5678450},
  doi       = {10.1109/IOT.2010.5678450},
  timestamp = {Thu, 25 May 2017 00:40:08 +0200},
  biburl    = {https://dblp.org/rec/conf/iot/OstermaierRMFK10.bib},
  bibsource = {dblp computer science bibliography, https://dblp.org}
}

@article{searchlessons,
    author = {Liang, Fan and Qian, Cheng and Hatcher, William and Yu, Wei},
    year = {2019},
    month = {07},
    pages = {1-1},
    title = {Search Engine for the Internet of Things: Lessons From Web Search, Vision, and Opportunities},
    volume = {PP},
    journal = {IEEE Access},
}